<?xml version="1.0" encoding="UTF-8"?><collection><record><leader>06672ntm a2200505 a 4500</leader><controlfield tag="001">006823189</controlfield><controlfield tag="003">MiAaHDL</controlfield><controlfield tag="005">20190719000000.0</controlfield><controlfield tag="006">m        d        </controlfield><controlfield tag="007">cr bn ---auaua</controlfield><controlfield tag="008">090625s17uu    ii            00| ||ara d</controlfield><datafield tag="035" ind1=" " ind2=" "><subfield code="a">(MiU)006823189</subfield></datafield><datafield tag="035" ind1=" " ind2=" "><subfield code="a">sdr-miu006823189</subfield></datafield><datafield tag="040" ind1=" " ind2=" "><subfield code="a">MiU</subfield><subfield code="c">MiU</subfield><subfield code="e">amremm</subfield></datafield><datafield tag="041" ind1="0" ind2=" "><subfield code="a">ara</subfield><subfield code="a">per</subfield></datafield><datafield tag="043" ind1=" " ind2=" "><subfield code="a">n-us-mi</subfield></datafield><datafield tag="130" ind1="0" ind2=" "><subfield code="6">880-01</subfield><subfield code="a">Qurʼan</subfield></datafield><datafield tag="245" ind1="1" ind2="3"><subfield code="6">880-03</subfield><subfield code="a">[al-Qurʼān,</subfield><subfield code="f">late 18th or early 19th century?].</subfield></datafield><datafield tag="260" ind1=" " ind2=" "><subfield code="a">[Kashmir?,</subfield><subfield code="c">17--?].</subfield></datafield><datafield tag="300" ind1=" " ind2=" "><subfield code="a">223 leaves :</subfield><subfield code="b">paper ;</subfield><subfield code="c">233 x 143 mm.</subfield></datafield><datafield tag="500" ind1=" " ind2=" "><subfield code="a">Shelfmark: Ann Arbor, University of Michigan, Special Collections Library, Isl. Ms. 1009</subfield></datafield><datafield tag="500" ind1=" " ind2=" "><subfield code="a">Origin: Lacks dated colophon though manner of calligraphy, decoration, layout, etc. are characteristic of the Qurʼānic manuscripts produced in Kashmir from the 17th into the 19th centuries (see Bayani, et al. pp.228-57 and Blair, pp.550-52). Perhaps 18th century.</subfield></datafield><datafield tag="500" ind1=" " ind2=" "><subfield code="a">Former shelfmark: Mich. Isl. Ms. temp. no. 158</subfield></datafield><datafield tag="500" ind1=" " ind2=" "><subfield code="a">Binding: Boards covered in dark green leather ; Type III binding (without flap) ; upper pastedown and flyleaf in a shell 'marbled' paper (mainly in blue and brown), lower pastedown and fly leaf in untinted paper ; upper and lower covers gold-tooled in mitred-panel style with vegetal borders and three floral sprays in the central panel ; spine gold-stamped "SS" ; worked chevron endbands in red and yellow, in quite good condition ; overall in poor condition with upper cover fully detached, minor abrasion, lifting of leather at spine, etc.</subfield></datafield><datafield tag="500" ind1=" " ind2=" "><subfield code="a">Support: non-European (likely Indian) laid paper with 11 laid lines per cm. (vertical) and no chain lines visible for the most part ; grey in tone and fairly translucent ; only slight curving of laid lines.</subfield></datafield><datafield tag="500" ind1=" " ind2=" "><subfield code="a">Decoration: Splendid double-page illumination (illuminated 'frontispiece') at opening (pp.8-9) consisting of a series of scalloped domes in gold filled with floral vegetal designs in gold with black outline on a bright blue ground defined by heavy borders in bands of gold, black with white accents, and gold interlaced with red, blue and green accents, written area (in 8 lines per page with the Fātiḥah and opening of Sūrat al-Baqarah) is flanked by upper and lower rectangular pieces with gold cartouches (carrying the sūrah headings in blue riqāʻ or naskh, not extensively ligatured) and set off by gold floral accents on a bright blue ground ; similar double-page illumination at opening of Sūrat al-Isrāʼ / Juzʼ 15 (pp.204-205) and at close (pp.446-7) though here design affects a larger scalloped dome with cornerpieces and accommodates fewer lines in the written area (6 per page) with larger flanking upper and lower rectangular pieces (gold cartouches also lack sūrah headings) ; sūrah headings in blue and typically outlined in black bands with white accents ; written area and ruled margin throughout surrounded by frame in a series of gold bands defined by black fillets with outermost blue rule ; Qurʼānic text executed on bands of gold defined by black fillets and separated at some distance from one another (in other manuscripts has contained interlinear translation) ; marginal decorations in gold and blue mark ajzāʼ ; marginal juzʼ headings, notabilia (marking niṣf, thulth, etc.), abbreviation marks, mainly curved strokes and sigla for pauses "ط", large "ع" in margin to indicate bowing (rukūʻ), etc. and keywords in the commentary (mainly text being commented upon) are all rubricated ; verse dividers in the form of small red dots or discs ; text of commentary set off by gold cloudbands with floral accents in gold on blue grounds in the triangular spaces at the corners and center of the marginal area.</subfield></datafield><datafield tag="500" ind1=" " ind2=" "><subfield code="a">Script: Naskh and nastaʻlīq ; elegant Indian hands in a heavy line ; Qurʼānic text in a fine, bold naskh, partially but somewhat irregularly seriffed (occasional right-sloping head-serif appearing on lām of definite article, barbed left-sloping serif on alif of lām-alif ligature, etc.), fairly vertical though with occasional very slight effect of tilt to the left, curvilinear descenders (some sweeping), pointing in distinct dots, fully vocalized ; marginal commentary in a bold, compact and well-formed nastaʻlīq, serifless with slight effect of words descending to baseline, some elongation of horizontal strokes, kāf mashkūlah (mashqūqah) preferred, pointing in distinct or conjoined dots, mainly closed counters.</subfield></datafield><datafield tag="500" ind1=" " ind2=" "><subfield code="a">Layout: Written mainly in 18 lines per page, with roughly 46 lines of commentary on the diagonal in the ruled margins ; frame-ruled.</subfield></datafield><datafield tag="500" ind1=" " ind2=" "><subfield code="a">Collation: iii, I (2), 12 IV(98), I (100), 7 IV(156), I (158), IV (166), 2 III(178), I+1 (181), 4 IV(213), III (219), 2 I(223), iii ; chiefly quaternions ; middle of the quire marks in the form of black oblique strokes in upper outer and lower outer corners of the center opening of each quire ; final single bifolium ruled but left blank ; catchwords present ; pagination in pencil, Western numerals, supplied during digitization (includes flyleaves).</subfield></datafield><datafield tag="500" ind1=" " ind2=" "><subfield code="a">Title supplied by cataloguer.</subfield></datafield><datafield tag="500" ind1=" " ind2=" "><subfield code="a">Ms. codex.</subfield></datafield><datafield tag="510" ind1="4" ind2=" "><subfield code="a">University of Michigan Library. Manuscripts &amp; papyri : an exhibition arranged for the XXVII International Congress of Orientalists, Ann Arbor, Michigan, August 13-19, 1967. (Ann Arbor, MI [?], 1967),</subfield><subfield code="c">no.43, p.11</subfield></datafield><datafield tag="510" ind1="4" ind2=" "><subfield code="a">Blair, Sheila. Islamic calligraphy. Edinburgh, 2006.</subfield><subfield code="c">pp.550-52</subfield></datafield><datafield tag="510" ind1="4" ind2=" "><subfield code="a">Bayani, Manijeh, Anna Contadini &amp; Tim Stanley. The decorated word: Qur'ans of the 17th to 19th Centuries. London, 1999.</subfield><subfield code="c">pp.228-57</subfield></datafield><datafield tag="520" ind1="8" ind2=" "><subfield code="a">Splendidly illuminated copy of the Qurʼān (muṣḥaf) with marginal commentary in Persian.</subfield></datafield><datafield tag="538" ind1=" " ind2=" "><subfield code="a">Mode of access: Internet.</subfield></datafield><datafield tag="541" ind1=" " ind2=" "><subfield code="a">Aquired via the Stephen Spaulding Memorial Fund (SS-3849) ;</subfield><subfield code="d">Received: 5/16/57</subfield></datafield><datafield tag="546" ind1=" " ind2=" "><subfield code="a">Arabic and Persian.</subfield></datafield><datafield tag="561" ind1=" " ind2=" "><subfield code="a">Possible former inventory mark on verso of front flyleaf (p.2) ; UM library inscription on inner front flyleaf "SS-3849 | Quaritch | Spaulding Fund 5-16-1957" ; effaced oval seal impression on 'title page' (p.7) ; Persian commentary glossed in ruled margins ; effaced oval seal impression on verso of blank leaf at close (p.450).</subfield></datafield><datafield tag="630" ind1="0" ind2="0"><subfield code="a">Qurʼan</subfield><subfield code="v">Commentaries.</subfield></datafield><datafield tag="650" ind1=" " ind2="0"><subfield code="a">Manuscripts, Persian</subfield><subfield code="z">Michigan</subfield><subfield code="z">Ann Arbor.</subfield></datafield><datafield tag="650" ind1=" " ind2="0"><subfield code="a">Manuscripts, Arabic</subfield><subfield code="z">Michigan</subfield><subfield code="z">Ann Arbor.</subfield></datafield><datafield tag="773" ind1="0" ind2=" "><subfield code="a">Stephen Spaulding Collection.</subfield></datafield><datafield tag="880" ind1="1" ind2="2"><subfield code="6">245-03/</subfield><subfield code="a">[القرآن,</subfield><subfield code="f">اواخر القرن 18 او اوائل القرن 19م؟].</subfield></datafield><datafield tag="880" ind1="0" ind2=" "><subfield code="6">130-01/</subfield><subfield code="a">قران</subfield></datafield><datafield tag="CID" ind1=" " ind2=" "><subfield code="a">006823189</subfield></datafield><datafield tag="DAT" ind1="0" ind2=" "><subfield code="a">20190719102640.0</subfield><subfield code="b">20190719000000.0</subfield></datafield><datafield tag="DAT" ind1="1" ind2=" "><subfield code="a">20190719090653.0</subfield><subfield code="b">2019-07-19T16:10:51Z</subfield></datafield><datafield tag="DAT" ind1="2" ind2=" "><subfield code="a">2015-10-02T18:00:03Z</subfield></datafield><datafield tag="CAT" ind1=" " ind2=" "><subfield code="a">SDR-MIU</subfield><subfield code="d">EX LIBRIS - ALEPH</subfield><subfield code="l">prepare.pl-004-008</subfield></datafield><datafield tag="FMT" ind1=" " ind2=" "><subfield code="a">BK</subfield></datafield><datafield tag="HOL" ind1=" " ind2=" "><subfield code="0">sdr-miu006823189</subfield><subfield code="a">MiU</subfield><subfield code="b">SDR</subfield><subfield code="c">MIU</subfield><subfield code="p">mdp.39015079130996</subfield><subfield code="s">MIU</subfield><subfield code="1">006823189</subfield></datafield><datafield tag="974" ind1=" " ind2=" "><subfield code="b">MIU</subfield><subfield code="c">MIU</subfield><subfield code="d">20190719</subfield><subfield code="s">lit-dlps-dc</subfield><subfield code="u">mdp.39015079130996</subfield><subfield code="y">1799</subfield><subfield code="r">pd</subfield><subfield code="q">bib</subfield><subfield code="t">non-US bib date1 &lt; 1896</subfield></datafield></record></collection>